[gd_scene load_steps=8 format=2]

[ext_resource path="res://scripts/game.gd" type="Script" id=1]
[ext_resource path="res://actors/enemies/enemy.tscn" type="PackedScene" id=2]
[ext_resource path="res://actors/player/player.tscn" type="PackedScene" id=3]
[ext_resource path="res://scenes/hud.tscn" type="PackedScene" id=4]
[ext_resource path="res://sounds/soundtrack.wav" type="AudioStream" id=5]
[ext_resource path="res://sounds/game_over.wav" type="AudioStream" id=6]

[sub_resource type="Curve2D" id=1]

bake_interval = 5.0
_data = {
"points": PoolVector2Array( 0, 0, 0, 0, -0.644043, -0.564354, 0, 0, 0, 0, 479.756, 0.0523071, 0, 0, 0, 0, 476.329, 719.211, 0, 0, 0, 0, -0.0333557, 716.755, 0, 0, 0, 0, -0.644043, -0.564354 )
}

[node name="Game" type="Node" index="0"]

script = ExtResource( 1 )
Enemy = ExtResource( 2 )

[node name="Background" type="ColorRect" parent="." index="0"]

anchor_left = 0.0
anchor_top = 0.0
anchor_right = 0.0
anchor_bottom = 0.0
margin_right = 481.0
margin_bottom = 723.0
rect_pivot_offset = Vector2( 0, 0 )
rect_clip_content = false
mouse_filter = 0
mouse_default_cursor_shape = 0
size_flags_horizontal = 1
size_flags_vertical = 1
color = Color( 0, 0.466667, 0.745098, 1 )

[node name="Player" parent="." index="1" instance=ExtResource( 3 )]

[node name="StartTimer" type="Timer" parent="." index="2"]

process_mode = 1
wait_time = 2.0
one_shot = true
autostart = false

[node name="ScoreTimer" type="Timer" parent="." index="3"]

process_mode = 1
wait_time = 1.0
one_shot = false
autostart = false

[node name="EnemyTimer" type="Timer" parent="." index="4"]

process_mode = 1
wait_time = 0.5
one_shot = false
autostart = false

[node name="StartPosition" type="Position2D" parent="." index="5"]

position = Vector2( 240, 450 )
_sections_unfolded = [ "Transform" ]

[node name="EnemyPath" type="Path2D" parent="." index="6"]

editor/display_folded = true
self_modulate = Color( 0.5, 0.6, 1, 0.7 )
curve = SubResource( 1 )
_sections_unfolded = [ "Transform" ]

[node name="EnemySpawnLocation" type="PathFollow2D" parent="EnemyPath" index="0"]

position = Vector2( -0.644043, -0.564354 )
rotation = 0.00128363
offset = 0.0
h_offset = 0.0
v_offset = 0.0
rotate = true
cubic_interp = true
loop = true
lookahead = 4.0

[node name="HUD" parent="." index="7" instance=ExtResource( 4 )]

[node name="Music" type="AudioStreamPlayer" parent="." index="8"]

stream = ExtResource( 5 )
volume_db = 0.0
pitch_scale = 1.0
autoplay = false
mix_target = 0
bus = "Master"

[node name="DeathSound" type="AudioStreamPlayer" parent="." index="9"]

stream = ExtResource( 6 )
volume_db = 0.0
pitch_scale = 1.0
autoplay = false
mix_target = 0
bus = "Master"

[connection signal="hit" from="Player" to="." method="game_over"]

[connection signal="timeout" from="StartTimer" to="." method="_on_StartTimer_timeout"]

[connection signal="timeout" from="ScoreTimer" to="." method="_on_ScoreTimer_timeout"]

[connection signal="timeout" from="EnemyTimer" to="." method="_on_EnemyTimer_timeout"]

[connection signal="start_game" from="HUD" to="." method="new_game"]


